@string{ arm-limited = {ARM-Limited}}

@manual{archManI,
	title	={ARM Architecture Reference Manual I},
	organization = arm-limited,
	edition	= {July 2005},
	year = 2005,
	author = arm-limited,
	url = {http://infocenter.arm.com/help/index.jsp?topic=/com.arm.doc.subset.architecture.reference/index.html},
	urldate = {2013-07-07}
}
@manual{vic,
	title = {PrimeCell Vectored Interrupt Controller (PL190)},
	organization = arm-limited,
	edition = {November 2004},
	year = 2004,
	author = arm-limited,
	url = {http://infocenter.arm.com/help/index.jsp?topic=/com.arm.doc.ddi0181e/index.html},
	urldate = {2013-07-07}
}

@ONLINE{linker,
	title={Using LD,the GNU linker},
	author={GNU},
		url={http://www.math.utah.edu/docs/info/ld_3.html},
	urldate = {2013-07-31}

}
@online{make,
	title={GNU 'make'},
	author={GNU},
	url={http://www.gnu.org/software/make/manual/html_node/index.html},
	year=2010,
	urldate = {2013-07-31}
}
@book{scheduling,
	title={Operating Systems Concept},
	author={Silberschatz, Galvin, Gagne},
	year=2009,
	edition={8},
	publisher={John Wiley \& Sons, Inc.}
}
@book{os,
	title={Moderne Betriebssysteme},
	author={Andrew S. Tanenbaum},
	year=2003,
	edition={2},
	publisher={Pearson Studium}
}
@book{tane:sco,
	title={Structured computer organization},
	author={Andrew S. Tanenbaum},
	year=2005,
	edition={5}
}
@book{clanguage,
	title={THE C PROGRAMMING LANGUAGE},
	author={Brian W. Kerninghan, Dennis M. Ritchie},
	year=1988,
	edition={2}
}
@book{clanguageII,
	title={Rationale for American National Standard for Information Systems - Programming Language - C},
	url={http://www.lysator.liu.se/c/rat/title.html},
	urldate={2013-07-31},
	author={Technical Commitee}
}